@article{rostami2020anticipating,
  title={Anticipating special events in Emergency Department forecasting},
  author={Rostami-Tabar, Bahman and Ziel, Florian},
  journal={International Journal of Forecasting},
  year={2020},
  publisher={Elsevier}
}

@article{choudhury2020forecasting,
  title={Forecasting hourly emergency department arrival using time series analysis},
  author={Choudhury, Avishek and Urena, Estefania},
  journal={British Journal of Healthcare Management},
  volume={26},
  number={1},
  pages={34--43},
  year={2020},
  publisher={MA Healthcare London}
}

@article{hertzum2017forecasting,
  title={Forecasting hourly patient visits in the emergency department to counteract crowding},
  author={Hertzum, Morten},
  journal={The Ergonomics Open Journal},
  volume={10},
  number={1},
  year={2017}
}

@article{mccarthy2008challenge,
  title={The challenge of predicting demand for emergency department services},
  author={McCarthy, Melissa L and Zeger, Scott L and Ding, Ru and Aronsky, Dominik and Hoot, Nathan R and Kelen, Gabor D},
  journal={Academic Emergency Medicine},
  volume={15},
  number={4},
  pages={337--346},
  year={2008},
  publisher={Wiley Online Library}
}

@article{schweigler2009forecasting,
  title={Forecasting models of emergency department crowding},
  author={Schweigler, Lisa M and Desmond, Jeffrey S and McCarthy, Melissa L and Bukowski, Kyle J and Ionides, Edward L and Younger, John G},
  journal={Academic Emergency Medicine},
  volume={16},
  number={4},
  pages={301--308},
  year={2009},
  publisher={Wiley Online Library}
}

@article{boyle2012predicting,
  title={Predicting emergency department admissions},
  author={Boyle, Justin and Jessup, Melanie and Crilly, Julia and Green, David and Lind, James and Wallis, Marianne and Miller, Peter and Fitzgerald, Gerard},
  journal={Emergency Medicine Journal},
  volume={29},
  number={5},
  pages={358--365},
  year={2012},
  publisher={BMJ Publishing Group Ltd and the British Association for Accident~â€¦}
}

@inproceedings{morzuch2006forecasting,
  title={Forecasting hospital emergency department arrivals},
  author={Morzuch, Bernard J and Allen, P Geoffrey},
  year={2006},
  publisher={26th Annual Symposium on Forecasting, Santander, Spain.}
}

